<record><leader>00000cas a2200000Ka 4500</leader><controlfield tag="001">30145832</controlfield><controlfield tag="008">940414d18971897aluwr ne      0    0eng d</controlfield><controlfield tag="009">2720</controlfield><datafield ind1=" " ind2=" " tag="010"><subfield code="a">sn 94060444 </subfield></datafield><datafield ind1=" " ind2=" " tag="040"><subfield code="a">AAR</subfield><subfield code="c">AAR</subfield></datafield><datafield ind1="0" ind2="0" tag="245"><subfield code="a">Guin gazette.</subfield></datafield><datafield ind1=" " ind2=" " tag="260"><subfield code="a">Guin, Marion County, Ala. :</subfield><subfield code="b">W.T. Morgan,</subfield><subfield code="c">1897-1897.</subfield></datafield><datafield ind1=" " ind2=" " tag="300"><subfield code="a">v.</subfield></datafield><datafield ind1=" " ind2=" " tag="310"><subfield code="a">Weekly.</subfield></datafield><datafield ind1="0" ind2=" " tag="362"><subfield code="a">Vol. 1, no. 8 (Apr. 19, 1897)-v. 1, no. 24 (July 30, 1897).</subfield></datafield><datafield ind1=" " ind2=" " tag="752"><subfield code="a">United States</subfield><subfield code="b">Alabama</subfield><subfield code="c">Marion</subfield><subfield code="d">Guin.</subfield></datafield><datafield ind1="1" ind2="0" tag="785"><subfield code="t">Gazette-appeal</subfield><subfield code="w">(DLC)sn94060442.</subfield></datafield></record>